
@techreport{RIPngStd,
  type = {Standard},
  key = {RFC2080},
  month = Jan,
  year = {1997},
  title = {{RIPng for IPv6}},
  authors = {Malkin & Minnear},
  institution = {Internet Engineering Task Force},
  url = {https://tools.ietf.org/html/rfc2080}
}

@misc{RIPguide,
  author  = "Charles M. Kozierok",
  title   = "TCP/IP Routing Information Protocol (RIP, RIP-2 and RIPng)",
  year    = "2005",
  urlseen = "28-09-18",
  url     = "http://www.tcpipguide.com/"
}





@misc{DHCPwikipedia,
  title = {Dynamic Host Configuration Protocol - Wikipedia},
  howpublished = {\url{https://en.wikipedia.org/wiki/Dynamic_Host_Configuration_Protocol}},
  note = {Accessed: 2018-03-20}
}

@misc{DHCPcomm,
  author  = "Wikimedia Commons",
  title   = "An illustration of a typical non-renewing DHCP session",
  year    = "2015",
  urlseen = "20-03-18",
  url     = "https://en.wikipedia.org/wiki/Dynamic_Host_Configuration_Protocol#/media/File:DHCP_session.svg",
  note    = "File: \ttfamily{DHCP\_session.jpg}",
}

@misc{computer,
  author  = "Wikipedia Commons",
  title   = "A drawing of a usual modern desktop computer",
  year    = "2016",
  urlseen = "08-03-18",
  url     = "https://simple.wikipedia.org/wiki/Computer#/media/File:Desktop_computer_clipart_-_Yellow_theme.svg",
  note    = "File: \ttfamily{Desktop\_computer\_clipart\_-\_Yellow\_theme.svg}",
}

@misc{laptop,
  author  = "Wikipedia Commons",
  title   = "A Lenovo laptop",
  year    = "2015",
  urlseen = "08-03-18",
  url     = "https://en.wikipedia.org/wiki/Laptop#/media/File:Lenovo\_G500s\_laptop-2905.jpg",
  note    = "File: \ttfamily{Lenovo\_G500s\_laptop-2905.jpg}",
}

@book{computernetworking,
    title = {Computer Networking - A Top-Down Approach Featuring the Internet},
    author = {James F. Kurose and Keith W. Ross},
    isbn = {0-321-17644-8},
    year = {2003},
    publisher = {Addison Wesley}
}

@book{pocitacovesite,
    title = {Počítačové sítě},
    author = {James F. Kurose a Keith W. Ross},
    isbn = {978-80-251-3825-0},
    year = {2014},
    publisher = {Albatros Media}
}

@book{mistrovstvivsitich,
    title = {Mistrovství v počítačových sítích},
    author = {Stephen J. Bigelow},
    isbn = {80-251-0178-9},
    year = {2004},
    publisher = {Computer Press}
}

@misc{DHCPstarvation,
  title = {A Closer Look into DHCP Starvation Attack in Wireless Networks},
  author = {Neminath Hubballi and Nikhil Tripathi},
  address = {Discipline of Computer Science and Engineering, School of Engineering, Indian Institute of Technology Indore},
  doi = {10.1016/j.cose.2016.10.002},
  month = {october},
  year = {2016}
}

@misc{IBSattack,
  title = {Lecture Network attacks, course Security and Computer Networks},
  author = {Mgr. Ing. Očenášek Pavel Ph.D.},
  year = {2018},
  address = {Faculty of information technologies, Brno University of Technology}
}

@misc{IPKDHCP,
  title = {Lecture Network layer, IP protocol, addressing and forwarding, course Computer Communications and Networks},
  author = {Ing. Vladimír Veselý Ph.D.},
  year = {2018},
  address = {Faculty of information technologies, Brno University of Technology}
}
